<?xml version="1.0" encoding="UTF-8"?><collection xmlns="http://www.loc.gov/MARC21/slim"><record><leader>00564nam--2200181-i-4500</leader><controlfield tag="001">000025199</controlfield><controlfield tag="002">20161230</controlfield><controlfield tag="005">20161230201035</controlfield><controlfield tag="008">060222s1000------------r-----000-0-eng-d</controlfield><datafield ind1=" " ind2=" " tag="020"><subfield code="a">3540052518</subfield></datafield><datafield ind1=" " ind2=" " tag="040"><subfield code="a">IFIN-HH</subfield></datafield><datafield ind1=" " ind2=" " tag="080"><subfield code="a">53</subfield></datafield><datafield ind1="1" ind2=" " tag="100"><subfield code="a">Hohler, G</subfield></datafield><datafield ind1="1" ind2="0" tag="245"><subfield code="a">Springer tracts in modern physics. ergebnisse der exacten naturwissenschaften</subfield><subfield code="b">The methd of of the correlation function in superconductivity theory volume 56</subfield><subfield code="c">G. hohler (ed)</subfield></datafield><datafield ind1=" " ind2=" " tag="260"><subfield code="a">Berlin</subfield><subfield code="b">Springer Verlag</subfield><subfield code="c">1971</subfield></datafield><datafield ind1=" " ind2=" " tag="300"><subfield code="a">215P</subfield></datafield><datafield ind1=" " ind2=" " tag="852"><subfield code="a">506</subfield><subfield code="c">53</subfield></datafield><datafield ind1=" " ind2=" " tag="CAT"><subfield code="a">Sys</subfield><subfield code="c">20141212</subfield><subfield code="h">143853</subfield></datafield></record></collection>